% Encoding: UTF-8

@Book{Kaplan1996,
  author = {Robert S. Kaplan and David P. Norton},
  title  = {The Balanced Scorecard - Translating Strategy into Action},
  year   = {1996},
  isbn   = {0-87584-651-3},
}

@Misc{Kopf2010,
  author = {Martina Kopf and Jana Leipold and Tobias Seidl},
  title  = {Kompetenzen in Lehrveranstaltungen und Prüfungen - Handreichung für Lehrende},
  year   = {2010},
  url    = {https://www.zq.uni-mainz.de/files/2018/04/Band16.pdf},
}

@Book{North2012,
  author = {Klaus North and Kai Reinhardt},
  title  = {Kompetenzmanagement in der Praxis Mitarbeiterkompetenzen systematisch identifizieren, nutzen und entwickeln},
  year   = {2012},
  isbn   = {9783322846341},
}
@Comment{jabref-meta: databaseType:biblatex;}
